@book{shafarevich2013basic,
  title={Basic algebraic geometry 2: schemes and complex manifolds},
  author={Shafarevich, Igor R},
  year={2013},
  publisher={Springer Science \& Business Media}
}

@book{atiyah2018introduction,
  title={Introduction to commutative algebra},
  author={Atiyah, Michael Francis and Macdonald, Ian Grant},
  year={2018},
  publisher={CRC Press}
}